@book{mlbook,
    author    = "Kevin P. Murphy",
    title     = "Machine Learning: A probabilistic Perspective",
    year      = "2012",
    publisher = "MIT Press",
    isbn      = "9780262018029"
}
 
@online{fbprophet,
    author = "Ben Letham, Sean J. Taylor",
    title     = "Prophet: forecasting at scale",
    url       = "https://research.facebook.com/blog/2017/02/prophet-forecasting-at-scale/"
}

@online{mathprophet,
    author = "Winston Robson",
    title = "The Math of Prophet",
    url  = "https://medium.com/future-vision/the-math-of-prophet-46864fa9c55a"
}

@online{xgboost,
    author  = "Jason Brownlee",
    title   = "How to Use XGBoost for Time Series Forecasting",
    url = "https://machinelearningmastery.com/xgboost-for-time-series-forecasting/"
}

@inbook{climatequote,
    author = "Kay Fereday",
    title = "200 Quotes on Climate Change",
    publisher = "Kay Fereday",
    year = "2019",
    chapter = "2",
    isbn = "1699566526"
}